
@article{richardson, 
author = {William Hadley Richardson}, 
journal = {J. Opt. Soc. Am.}, 
number = {1}, 
pages = {55--59}, 
publisher = {OSA},
title = {Bayesian-Based Iterative Method of Image Restoration}, 
volume = {62}, 
month = {Jan},
year = {1972},
}   

@articel{lucy,
   author = {Lucy},
    title = "{An iterative technique for the rectification of observed distributions}",
  journal = { },
     year = 1974,
    month = jun,
   volume = 79,
    pages = {745}
}

@book{petzold, 
  author = {Charles Petzold},
  title = {Programming Windows, 5th Edition},
  year = {2011},
  publisher = {Microsoft Press}  
}

@incollection{fastcode,
year={2008},
isbn={978-3-540-88642-6},
booktitle={Generative and Transformational Techniques in Software Engineering II},
volume={5235},
series={Lecture Notes in Computer Science},
editor={Lämmel, Ralf and Visser, Joost and Saraiva, João},
doi={10.1007/978-3-540-88643-3_5},
title={How to Write Fast Numerical Code: A Small Introduction},
url={http://dx.doi.org/10.1007/978-3-540-88643-3_5},
publisher={Springer Berlin Heidelberg},
author={Chellappa, Srinivas and Franchetti, Franz and Püschel, Markus},
pages={196-259}
}

@book{wiener,
    author = {Wiener, Norbert},
    isbn = {9780262730051},
    keywords = {wiener},
    publisher = {The M.I.T. Press},
    title = {{Extrapolation, Inerpolation, and Smoothing of Stationary Time Series}},
    url = {http://www.worldcat.org/isbn/9780262730051},
    year = {1975}
}

@book{lehmann,
    author = {{T. Lehmann}, {W. Oberschelp}, {E. Pelikan}, {R.Repges}},
    publisher = {Springer-Verlag},
    title = {{Bildverarbeitung fur die Medizin}},
    year = {1997}
}


@article{EFunktional_Kaveh,
  title={Behavioral analysis of anisotropic diffusion in image processing},
  author={You, Y.L. and Xu, W. and Tannenbaum, A. and Kaveh, M.},
  journal={Image Processing, IEEE Transactions on},
  volume={5},
  number={11},
  pages={1539--1553},
  year={1996},
  publisher={IEEE}
}

﻿@incollection {rrrl,
   author = {Elhayek, Ahmed and Welk, Martin and Weickert, Joachim},
   affiliation = {Max Planck Institute for Computer Science, Stuhlsatzenhausweg 85, 66123 Saarbrücken, Germany},
   title = {Simultaneous Interpolation and Deconvolution Model for the 3-D Reconstruction of Cell Images},
   booktitle = {Pattern Recognition},
   series = {Lecture Notes in Computer Science},
   editor = {Mester, Rudolf and Felsberg, Michael},
   publisher = {Springer Berlin / Heidelberg},
   isbn = {978-3-642-23122-3},
   keyword = {Computer Science},
   pages = {316-325},
   volume = {6835},
   year = {2011}
}
 
@article{rrrl1, 
author = {Welk Martin}, 
affiliation = {Department of Mathematics, Saarland University, Saarbrücken, Germany},
journal = {preprint},
title = {Robust Variational Approaches to Positivity-Constrained Image Deconvolution},  
month = {March},
year = {2010}
}

@article{vimpaper,
   author = {Welk Raudaschl Schwarzbauer Erler Läuter},
    title = {fast and robust image deconvolution, Submitted},
  journal = { },
     year = 2012

}  

@article{mcdonnell,
title = "Box-filtering techniques",
journal = "Computer Graphics and Image Processing",
volume = "17",
number = "1",
pages = "65 - 70",
year = "1981",
author = "M.J. McDonnell"
}

@articel{ieee754, 
title =  {IEEE 754-2008: Standard for Floating-Point Arithmetic},
author = {IEEE Standards Association},
year ={2008}
}

@articel{sse, 
title =  {Fast image processing using SSE2},
author = {Skoglund, Felsberg
},
  journal = {SSBA Symposium  },
year ={2005}
}


@articel{circleofconfusion,
title =  {Circles\_of\_confusion\_lens\_diagram.png},
author = {Brion Vibber, Wikipedia Commons},
year ={2005}
}

@ARTICLE{pgm, 
  author = {Jef Poskanzer},
  title = {specification pgm},
  year = {1991},
  note={http://netpbm.sourceforge.net/doc/pgm.html}
}

@ARTICLE{gprof, 
  author = {{Graham} {Kessler} {McKusick}},
  journal = {SIGPLAN, Symposium on Compiler Construction},
  title = {gprof: a Call Graph Execution Proﬁler},
  year = {1982}
}

@misc{agner,
  author = {Agner Fog.},
  title = {Optimizing software in C++ - An optimization guide for Windows, Linux and Mac platforms},
  howpublished = "\url{http://agner.org/}",
  year = {2011}, 
  note = "[Online; accessed 1-Sep-2012]"
}
 
@misc{intel,
  author = {Intel},
  title = {Intel® Pentium® Processor P6100 (3M Cache, 2.00 GHz)},
  howpublished = "\url{http://ark.intel.com}",
  year = {2012}, 
  note = "[Online; accessed 1-Sep-2012]"
}

@misc{applevImage,
	author = {Apple Inc.},
	title = {vImage Programming Guide},
	howpublished = "\url{http://developer.apple.com}",
	year={2011},
	note = "[Online; accessed 2-Sep-2012]"
}
@misc{imageJ,
	author = {National Institutes of Health},
	title = {ImageJ Website},
	howpublished = "\url{http://rsbweb.nih.gov/ij/}",
	year={2012},
	note = "[Online; accessed 2-Sep-2012]"
}

@misc{gcc, 
  author = {GNU project},
  title = {GCC, the GNU Compiler Collection},
  year = {2011},
  howpublished = "\url{gcc.gnu.org}",
  note = "[Online; accessed 2-Sep-2012]"
}



@misc{sse_arch, 
  author = {wikipedia commons, user:Shadim},
  title = {Sse architecture relations},
  year = {2012},
  howpublished = "\url{http://upload.wikimedia.org/wikipedia/de/a/aa/Sse-architecture-relations.svg}",
  note = "[Online; accessed 2-Oct-2012]"
}


@ARTICLE{fotografie, 
  author = {{Dr. Roland Mühle}},
  journal = {Vorlesungsskript},
  title = {Physikalische und technische Grundlagen der Fotografie },
  year = {2000}
}

@article{coded_aperture,
 author = {Levin, Anat and Fergus, Rob and Durand, Fr{\'e}do and Freeman, William T.},
 title = {Image and depth from a conventional camera with a coded aperture},
 journal = {ACM Trans. Graph.},
 issue_date = {July 2007},
 volume = {26},
 number = {3},
 month = jul,
 year = {2007},
 issn = {0730-0301},
 articleno = {70},
 url = {http://doi.acm.org/10.1145/1276377.1276464},
 doi = {10.1145/1276377.1276464},
 acmid = {1276464},
 publisher = {ACM},
 address = {New York, NY, USA},
 keywords = {coded imaging, computational photography, deblurring, depth of field, image statistics, range estimation},
} 

@ARTICLE{coded_shutter, 
  author = {{Ramesh Raskar},{Amit Agrawal},{Jack Tumblin}},
  journal = {Mitsubishi Electric Research Laboratories},
  title = {Coded Exposure Photography: Motion Deblurring using Fluttered Shutter},
  year = {2006}
}